@book{cohn2013,
  title={Measure Theory: Second Edition},
  author={Cohn, D.L.},
  isbn={9781461469568},
  lccn={2013934978},
  series={Birkh{\"a}user Advanced Texts   Basler Lehrb{\"u}cher},
  url={https://books.google.at/books?id=PEC3BAAAQBAJ},
  year={2013},
  publisher={Springer New York}
}

@Article{holicky2010,
 Author = {Holick{\'y}, Petr},
 Title = {Descriptive classes of sets in nonseparable spaces},
 FJournal = {Revista de la Real Academia de Ciencias Exactas, F{\'{\i}}sicas y Naturales. Serie A: Matem{\'a}ticas. RACSAM},
 Journal = {Rev. R. Acad. Cienc. Exactas F{\'{\i}}s. Nat., Ser. A Mat., RACSAM},
 ISSN = {1578-7303},
 Volume = {104},
 Number = {2},
 Pages = {257--282},
 Year = {2010},
 Language = {English},
 DOI = {10.5052/RACSAM.2010.17},
 Keywords = {54H05,54-02},
 zbMATH = {5925091},
 Zbl = {1227.54040}
}


@misc{mazurkiewicz2024,
      title={Ideal Analytic sets}, 
      author={Łukasz Mazurkiewicz and Szymon Żeberski},
      year={2024},
      eprint={2310.07693},
      archivePrefix={arXiv},
      primaryClass={math.LO},
      url={https://arxiv.org/abs/2310.07693}, 
}


@article{blackwell1968,
author = {David Blackwell},
title = {{A Borel Set Not Containing a Graph}},
volume = {39},
journal = {The Annals of Mathematical Statistics},
number = {4},
publisher = {Institute of Mathematical Statistics},
pages = {1345 -- 1347},
year = {1968},
doi = {10.1214/aoms/1177698260},
URL = {https://doi.org/10.1214/aoms/1177698260}
}



@article{Sion1963,
author = {Sion, Maurice},
journal = {Annales de l'institut Fourier},
keywords = {partial differential equations},
language = {eng},
number = {1},
pages = {83-98},
publisher = {Association des Annales de l'Institut Fourier},
title = {On capacitability and measurability},
url = {http://eudml.org/doc/73802},
volume = {13},
year = {1963},
}

@article{Hausdorff1916,
author = {Hausdorff, F.},
journal = {Mathematische Annalen},
pages = {430-437},
title = {Die Mächtigkeit der Borelschen Mengen.},
url = {http://eudml.org/doc/158737},
volume = {77},
year = {1916},
}


@article{Lorentz2001,
  title={Who discovered analytic sets?},
  author={George G. Lorentz},
  journal={The Mathematical Intelligencer},
  year={2001},
  volume={23},
  pages={28-32},
  url={https://api.semanticscholar.org/CorpusID:121273798}
}


@book{rogers1980,
  title={Analytic Sets},
  author={Rogers, C.A. and London Mathematical Society},
  isbn={9780125931502},
  lccn={80040647},
  series={London Mathematical Society Symposia Series},
  url={https://books.google.at/books?id=zQHvAAAAMAAJ},
  year={1980},
  publisher={Academic Press}
}


@book{kechris2012,
  title={Classical Descriptive Set Theory},
  author={Kechris, A.},
  isbn={9781461241904},
  lccn={94030471},
  series={Graduate Texts in Mathematics},
  url={https://books.google.at/books?id=WR3SBwAAQBAJ},
  year={2012},
  publisher={Springer New York}
}



@article{hansell1973,
 ISSN = {00029939, 10886826},
 URL = {http://www.jstor.org/stable/2039654},
 author = {R. W. Hansell},
 journal = {Proceedings of the American Mathematical Society},
 number = {2},
 pages = {402--408},
 publisher = {American Mathematical Society},
 title = {On the Representation of Nonseparable Analytic Sets},
 urldate = {2025-03-01},
 volume = {39},
 year = {1973}
}


@article{hansell1983,
author = {Hansell, R. and Jayne, John and Rogers, C.},
year = {1983},
month = {12},
pages = {189 - 221},
title = {K-analytic sets. Analytic Sets},
volume = {30},
journal = {Mathematika},
doi = {10.1112/S0025579300010524}
}


@article{lebesgue1905,
author = {Lebesgue, Henri},
journal = {Journal de Mathématiques Pures et Appliquées},
language = {fre},
pages = {139-216},
title = {Sur les fonctions représentables analytiquement},
url = {http://eudml.org/doc/234955},
volume = {1},
year = {1905},
}

@book{sierpinski1950,
author = {Sierpiński, W.},
keywords = {set theory},
language = {fre},
publisher = {Gauthier-Villars},
title = {Les ensembles projectifs et analytiques},
url = {http://eudml.org/doc/192631},
year = {1950},
}


@article{lusin1923,
author = {Nicolas Lusin},
journal = {Journal de Mathématiques Pures et Appliquées},
language = {fre},
pages = {53-72},
title = {Sur un ensemble non mesurable B},
url = {http://eudml.org/doc/234332},
year = {1923},
}

@article{lusin1927,
author = {Lusin, Nicolas},
journal = {Fundamenta Mathematicae},
language = {fre},
number = {1},
pages = {1-95},
title = {Sur les ensembles analytiques},
url = {http://eudml.org/doc/211183},
volume = {10},
year = {1927},
}

@book{Moschovakis1987,
  title     = "Descriptive Set Theory",
  author    = "Moschovakis, Y N",
  publisher = "North-Holland",
  series    = "Studies in Logic and the Foundations of Mathematics",
  month     =  jan,
  year      =  1987
}



@article{mazurkiewicz1936,
author = {Mazurkiewicz, Stefan},
journal = {Fundamenta Mathematicae},
keywords = {Set theory, real functions},
language = {ger},
number = {1},
pages = {244-249},
title = {Über die Menge der differenzierbaren Funktionen},
url = {http://eudml.org/doc/212871},
volume = {27},
year = {1936},
}




@book{kaplansky2001,
  title={Set Theory and Metric Spaces},
  author={Kaplansky, I.},
  isbn={9780821826942},
  lccn={77007344},
  series={AMS Chelsea Publishing Series},
  url={https://books.google.com.ng/books?id=FbKhAQAAQBAJ},
  year={2001},
  publisher={AMS Chelsea Publishing}
}

